<record><leader>00000cas a22000007a 4500</leader><controlfield tag="001">11947596</controlfield><controlfield tag="008">850422d18uu182uvaucr ne      0   a0eng c</controlfield><datafield ind1=" " ind2=" " tag="010"><subfield code="a">sn 85025856 </subfield></datafield><datafield ind1=" " ind2=" " tag="040"><subfield code="a">NPX</subfield><subfield code="b">eng</subfield><subfield code="c">NPX</subfield><subfield code="d">MGN</subfield><subfield code="d">NVK</subfield><subfield code="d">OCLCQ</subfield><subfield code="d">NDD</subfield><subfield code="d">OCLCF</subfield></datafield><datafield ind1=" " ind2=" " tag="042"><subfield code="a">msc</subfield></datafield><datafield ind1=" " ind2=" " tag="043"><subfield code="a">n-us-va</subfield></datafield><datafield ind1="0" ind2="4" tag="245"><subfield code="a">The Norfolk herald (for the country).</subfield></datafield><datafield ind1=" " ind2=" " tag="260"><subfield code="a">[Norfolk, Va.] :</subfield><subfield code="b">Thomas G. Broughton</subfield></datafield><datafield ind1=" " ind2=" " tag="300"><subfield code="a">v. ;</subfield><subfield code="c">55 cm.</subfield></datafield><datafield ind1=" " ind2=" " tag="310"><subfield code="a">Semiweekly</subfield></datafield><datafield ind1=" " ind2=" " tag="500"><subfield code="a">Dec. 5, 1823 called specimen number serving Murfreesboro, Halifax and Fayetteville.</subfield></datafield><datafield ind1=" " ind2=" " tag="500"><subfield code="a">Published Mondays and Fridays.</subfield></datafield><datafield ind1=" " ind2=" " tag="580"><subfield code="a">Triweekly ed.: Norfolk and Portsmouth herald (Norfolk, Va. : 1815).</subfield></datafield><datafield ind1=" " ind2=" " tag="588"><subfield code="a">Description based on: Vol. 29, no. 4190 (Dec. 5, 1823).</subfield></datafield><datafield ind1=" " ind2="0" tag="651"><subfield code="a">Norfolk (Va.)</subfield><subfield code="v">Newspapers.</subfield></datafield><datafield ind1=" " ind2="7" tag="655"><subfield code="a">Newspapers.</subfield><subfield code="2">fast</subfield><subfield code="0">(OCoLC)fst01423814</subfield></datafield><datafield ind1=" " ind2="7" tag="651"><subfield code="a">Virginia</subfield><subfield code="z">Norfolk.</subfield><subfield code="2">fast</subfield><subfield code="0">(OCoLC)fst01206844</subfield></datafield><datafield ind1=" " ind2=" " tag="752"><subfield code="a">United States</subfield><subfield code="b">Virginia</subfield><subfield code="d">Norfolk.</subfield></datafield><datafield ind1="1" ind2=" " tag="775"><subfield code="a">Norfolk and Portsmouth herald (Norfolk, Va. : 1815)</subfield><subfield code="w">(DLC)sn 85025836</subfield></datafield><datafield ind1="0" ind2="0" tag="785"><subfield code="t">Norfolk and Portsmouth herald (Norfolk, Va. : 1828)</subfield><subfield code="w">(DLC)sn 86071773</subfield></datafield></record>